2519 3184
1124 113 1415 165 ——2—

200 244 328 285 tores
357 236 463 282 τῶν
495 227 755 295 ὀστράκων
784 229 1011 277 formasse
1043 226 1279 288 videntur,
1311 245 1458 303 quum
1479 211 1722 304 ὅστρρικον
1742 225 2031 276 reddiderint
2052 227 2197 278 latina
2221 246 2337 278 voce

201 308 347 349 testae
378 297 457 375 vel
485 296 711 371 testulae,
739 309 860 358 quae
892 309 987 341 vox
1017 292 1291 369 plerumque
1324 290 1536 357 argillam
1569 287 1818 367 signifieat.
1863 291 2009 340 Corn.
2032 291 2194 357 Nepos
2226 311 2268 342 e.
2293 311 2336 341 e,

200 356 1259 474 ἶὲξῗῖῃὲῗ-ἶρᾳὲῗέἶιῖῗῑιωὸἒὲἒὲἓξὶξῗέ
1291 362 1521 468 *ῗῖῑᾞὲ
1549 372 1649 466 221⁰
1656 363 1728 466 ai?
1727 355 1995 482 ‘issp‘ssss'v
2007 373 2044 477 ‚¹¹
2046 373 2197 477 ⁰3³1?
2197 357 2345 468 {2⁰⁸¹}ss

200 490 274 552 la,
306 489 450 538 humo
481 442 615 548 ἔζη,
662 493 718 533 ut
751 484 1020 551 petalismus
1065 482 1189 549 apud
1236 436 1561 550 ⁴guyn-acaunus
1602 500 1631 529 a
1674 485 1914 541 πέταλον,
1967 482 2145 532 folium.
2223 485 2340 532 Pari

200 552 346 603 modo
375 551 578 601 Athenis
617 558 879 598 senatorem
911 565 940 596 e
969 556 1136 598 senatu
1167 548 1334 596 eiicere
1355 547 1611 595 dicebatur
1643 547 2068 610 ἐκφυλλοφορῆσαι
2077 583 2093 605 ,
2153 557 2339 613 propte-

199 629 283 667 rea
314 613 439 680 quod
469 620 709 662 senatores
738 628 908 660 nomen
939 611 1062 674 illius
1076 644 1092 672 ,
1135 628 1273 676 quem
1316 611 1421 659 eiici
1460 609 1707 669 volebant,
1756 609 1872 658 solio
1921 611 2238 660 inscribebant
2282 609 2337 674 ²).

201 682 361 741 Quare
393 694 509 726 vero
541 677 832 741 potissimum
886 676 1018 722 testis
1059 682 1107 723 et
1141 692 1239 722 non
1279 673 1388 721 alia‘
1409 672 1644 721 scribendi
1692 675 1913 734 materie,
1960 691 2005 722 e.
2058 692 2097 722 c.
2157 692 2339 742 papyro
2418 687 2421 689 ’

200 738 425 806 (χάρτης)
458 731 639 791 tabellis
673 740 870 799 ceratis,
903 746 983 786 aut
1013 738 1285 786 membrona
1315 753 1629 802 pergamena,
1676 753 1875 813 quarum
1916 754 2075 786 rerum
2105 756 2216 788 usus
2246 742 2338 786 iam

196 805 389 856 Solonis
419 803 705 868 temporibus
736 804 924 851 minime
956 808 1058 851 erat
1089 803 1278 868 ignotus
1291 834 1307 863 ,
1338 804 1411 851 usi
1441 802 1561 863 sint,
1594 801 1793 848 forsitan
1824 799 1991 866 aliquis
2022 802 2338 869 interrogave-

196 871 273 917 rit.
336 870 396 915 ln
428 868 689 915 exercendo
724 868 1022 928 ostraeismo,
1055 869 1106 914 in
1138 873 1268 914 tauta
1300 867 1541 917 hominum
1573 862 1870 925 multitudine
1902 874 1952 914 et
1982 873 2113 914 tanta
2144 869 2339 931 inser-ip-

202 935 383 983 tionum
416 931 782 979 accumulatione
817 931 1006 977 duriore
1039 930 1241 995 quadam
1272 928 1508 978 scribendi
1538 929 1731 977 materie
1764 946 1882 993 opus
1913 928 2072 989 fuisse,
2104 947 2244 994 quam
2276 930 2337 978 oh

196 1014 296 1045 rem
328 1013 482 1059 neque
514 995 698 1043 tabellis
730 995 899 1043 ceratis
929 1011 1017 1042 nec
1051 993 1174 1042 foliis
1201 994 1352 1042 aliave
1384 993 1577 1043 materie
1609 991 1810 1041 molliori
1844 993 2084 1043 commode
2124 996 2193 1041 uti
2234 1012 2340 1058 pos·

199 1067 328 1121 sent,
360 1060 592 1108 neminem
623 1060 875 1124 praeterit,
922 1057 1195 1106 membrana
1225 1075 1340 1107 vero
1373 1066 1421 1108 et
1460 1074 1668 1124 papyrus
1722 1074 1826 1107 mea
1878 1057 2065 1123 quidem
2119 1058 2338 1123 opinione

196 1124 349 1188 pluris
380 1131 480 1169 tum
514 1126 739 1187 temporis
770 1123 956 1181 stabat,
988 1139 1127 1185 quam
1160 1128 1214 1168 ut
1246 1139 1274 1167 a
1305 1125 1406 1169 cive
1440 1127 1607 1186 quovis
1637 1138 1842 1187 paupere
1875 1124 1965 1168 emi
1997 1123 2132 1169 facile
2164 1125 2338 1186 potuis-

195 1196 280 1235 set.
344 1187 547 1234 Postera
579 1188 718 1234 etiam
751 1192 902 1234 aetate
935 1184 1209 1245 Cleanthes,
1242 1186 1368 1250 quod
1401 1192 1596 1249 propter
1687 1186 1850 1233 cuniae
1884 1186 2088 1249 inopiam
2107 1204 2337 1252 papyrum

195 1250 289 1301 sibi
320 1266 594 1315 comparare
626 1268 723 1298 non
754 1256 941 1316 posset,
974 1249 1122 1297 verba
1154 1250 1472 1316 praeceptoris
1500 1250 1574 1299 sni
1605 1202 1812 1298 [saonis
1842 1249 1891 1296 in
1925 1249 2103 1298 testulis
2135 1259 2182 1298 et
2225 1252 2338 1300 ossi-

196 1315 288 1363 bus
320 1314 508 1362 bubulis
546 1313 582 1375 3)
596 1346 611 1373 ,
644 1331 730 1362 nec
763 1331 858 1361 non
891 1314 1054 1362 eadem
1087 1314 1145 1362 de
1178 1330 1318 1361 causa
1349 1313 1634 1377 Apollonius
1652 1316 1983 1379 grammaticus
2003 1314 2338 1379 disputationes

195 1395 304 1425 suas
333 1380 386 1424 in
418 1379 550 1427 testis
580 1379 829 1442 inscripsit.
870 1406 920 1413 -
992 1377 1267 1426 Eustathius
1297 1377 1464 1437 tradit,
1504 1377 1685 1425 testulis
1716 1377 1766 1423 in
1791 1395 1821 1425 s
1881 1379 1999 1425 ciem
2042 1381 2346 1442 sepositionis'

195 1441 274 1490 vel
303 1440 454 1489 exsilii
485 1438 541 1503 ¹⁴),
572 1442 730 1505 itaque
762 1440 980 1506 symbolo
1011 1458 1100 1504 pro
1133 1458 1185 1490 re
1217 1444 1402 1506 ‘signata
1432 1458 1544 1491 usos
1573 1457 1691 1490 esse.
1756 1395 1880 1490 Sese

193 1504 464 1554 definitione
497 1513 545 1553 et
575 1514 621 1553 et
655 1505 857 1570 mologia
887 1505 1016 1553 vocis
1048 1502 1407 1567 ὀστραπισμὸς,
1451 1505 1542 1553 hoc
1585 1504 1905 1561 tantummodo
1949 1505 2136 1568 addito,
2179 1517 2334 1555 actum

191 1568 340 1616 exsilii
371 1568 603 1616 decernen
636 1571 653 1615 i
686 1571 838 1632 ipsum
871 1565 1231 1632 ὀστρκοφορίαν
1251 1605 1268 1627 ,
1301 1571 1522 1617 effectum
1555 1577 1710 1617 autem
1743 1565 2078 1631 ὀστρακισμόν
2120 1580 2333 1618 vocatum

196 1647 295 1682 esse
332 1628 385 1694 ⁵),
417 1632 459 1682 si
498 1650 599 1682 rem
650 1651 737 1683 suo
792 1638 922 1682 certo
966 1649 1021 1681 ac
1053 1634 1248 1698 proprio
1279 1632 1511 1683 vocabulo
1543 1631 1778 1698 appellare
1823 1632 2079 1699 volebant„

1190 1749 1222 1816 5
1270 1753 1340 1799 ιι.

531 1830 733 1909 Quare
771 1831 1148 1889 Athenienses
1187 1834 1586 1888 ostracismum
1631 1830 2003 1890 instituerint.

310 1945 459 1997 ’Ἐστι
494 1946 550 1997 δὲ
583 1947 1097 2013 σωφρόνωςανὸρῶν
1130 1947 1471 2013 φυλάττεσθαι
1502 1955 1607 1998 τῶν
1624 1954 1840 1999 πολιτῶν
1861 1947 1979 2005 τούς
1992 1947 2335 2014 ὑπεραυξανο-

189 2014 413 2122 gerse-:l
447 2014 860 2077 ἐνθυμουμένους
896 2011 994 2063 ὑπὸ
1035 2017 1140 2063 τῶν
1194 2010 1435 2063 τοιούτων
1482 2011 1568 2068 τοὶς
1609 2012 1906 2078 τυραννίδας
1948 2016 2334 2078 καθισταμένας.

243 2092 275 2120 ιι
307 2093 381 2122 oc1
415 2093 480 2123 es.-

324 2139 385 2185 ln
417 2139 543 2187 nulla
574 2140 667 2187 alia
699 2159 752 2189 re
784 2142 846 2201 ii,
894 2142 974 2205 qui
1025 2140 1082 2190 de
1135 2143 1407 2190 ostracismo
1450 2143 1764 2206 scripserunt,
1812 2144 1962 2207 magis
2014 2146 2333 2207 consentiunt,

193 2218 336 2267 quam
369 2202 482 2266 quid
514 2203 827 2254 Athenienses
860 2206 1134 2254 ostracismo
1166 2205 1451 2255 instituendo
1485 2208 1706 2271 consequi
1761 2206 2006 2255 voluerint.
2091 2210 2198 2264 Lex
2240 2210 2334 2259 lata

193 2273 324 2326 erat,
355 2275 410 2313 ut
439 2268 602 2330 paucis
633 2267 813 2329 dicam,
847 2276 1011 2316 contra
1043 2287 1150 2329 eos,
1184 2272 1265 2334 qui
1308 2270 1600 2335 tyrannidem
1644 2268 1917 2335 appeterent
1960 2269 2012 2334 ⁶).
2077 2274 2332 2338 Tyrannus

190 2338 348 2379 autem
382 2329 579 2379 Graecis
613 2331 875 2381 habebatur
907 2341 956 2380 et
986 2332 1254 2395 dicebatur,
1287 2336 1368 2399 qui
1399 2343 1629 2399 potestate
1661 2343 1763 2383 erat
1795 2344 2022 2399 perpetua
2070 2337 2118 2384 in
2167 2355 2224 2385 ea
2272 2341 2334 2386 ci-

185 2394 360 2456 vitate,
390 2410 514 2460 quae
544 2394 760 2447 libertate
808 2414 892 2444 usa
936 2397 1090 2446 fuerat
1127 2396 1178 2462 ⁷.)
1242 2399 1353 2448 Non
1384 2400 1558 2465 patrati
1602 2400 1824 2447 facinoris
1870 2407 2011 2462 caum
2046 2401 2203 2449 civem
2254 2403 2333 2451 ali·

192 2474 331 2524 quem
363 2460 764 2521 exterminabant,
812 2462 894 2509 sed
937 2462 1191 2524 cavebant,
1223 2482 1280 2512 ne
1314 2481 1366 2512 re
1398 2464 1613 2528 publicae
1646 2464 1798 2511 forma
1829 2464 2014 2512 sublata
2047 2465 2332 2515 dominatum

189 2530 457 2588 occuparet.
520 2523 599 2572 lta
631 2525 757 2573 enim
790 2534 1060 2591 appetentes
1091 2528 1271 2593 imperii
1302 2528 1540 2594 popularis
1571 2527 1885 2580 Athenienses
1916 2538 2075 2591 erant,
2109 2538 2161 2579 ut
2193 2532 2333 2582 etiam

245 2693 421 2746 ²)r01r.
452 2695 481 2740 ι.
509 2695 539 2740 1.
583 2669 588 2678 ’

244 2751 279 2801 ³)
306 2749 496 2804 Diogen.
523 2752 666 2794 Laert.
695 2752 786 2793 VH.
820 2753 912 2797 174.

240 2813 280 2919 ¹33
305 2814 519 2920 &ulfi-‚di
549 2804 610 2916 ιζ’.
641 2808 698 2858 ἐν
729 2805 845 2858 εῖδει
876 2805 1191 2875 ἅφορισμοῦ,
1217 2808 1376 2879 ἤγουν
1407 2812 1607 2892 &foedae

243 2933 279 2982 θ)
306 2933 520 2978 Heraclid.
550 2936 608 2975 de'
631 2936 805 2991 rebusp.
837 2926 923 2977 διᾶ
955 2928 1071 2986 τούς
1100 2935 1486 2997 τυραννιῶντας.

244 2986 280 3040 ⁷)
306 2986 449 3042 Nepos
478 2988 523 3030 in
551 2988 737 3037 Mutina,
766 3005 805 3038 c.
832 2993 875 3038 8.

1887 1439 2002 1491 haec
2033 1440 2256 1492 hactenus
2277 1442 2335 1493 de
2386 1452 2395 1461 '
